@misc{mnist,
	title = {{MNIST} handwritten digit database, {Yann} {LeCun}, {Corinna} {Cortes} and {Chris} {Burges}},
	url = {http://yann.lecun.com/exdb/mnist/},
	urldate = {2017-12-21}
}
